<record><leader>00000cas a22000007a 4500</leader><controlfield tag="001">12757019</controlfield><controlfield tag="008">851104d18531853wiudn ne      0    0eng d</controlfield><datafield ind1=" " ind2=" " tag="010"><subfield code="a">sn 85041349 </subfield></datafield><datafield ind1=" " ind2=" " tag="040"><subfield code="a">NPV</subfield><subfield code="b">eng</subfield><subfield code="c">NPV</subfield><subfield code="d">OCLCQ</subfield></datafield><datafield ind1=" " ind2=" " tag="042"><subfield code="a">msc</subfield></datafield><datafield ind1=" " ind2=" " tag="045"><subfield code="a">w5w5</subfield></datafield><datafield ind1=" " ind2=" " tag="052"><subfield code="a">4123</subfield><subfield code="b">R2</subfield></datafield><datafield ind1="0" ind2="0" tag="245"><subfield code="a">Daily Racine advocate.</subfield></datafield><datafield ind1="1" ind2="3" tag="246"><subfield code="a">Daily advocate</subfield></datafield><datafield ind1="1" ind2="3" tag="246"><subfield code="a">Racine daily advocate</subfield></datafield><datafield ind1=" " ind2=" " tag="260"><subfield code="a">Racine, Wis. :</subfield><subfield code="b">C. Clement,</subfield><subfield code="c">1853-1853.</subfield></datafield><datafield ind1=" " ind2=" " tag="300"><subfield code="a">1 v.</subfield></datafield><datafield ind1=" " ind2=" " tag="310"><subfield code="a">Daily (except Sun.)</subfield></datafield><datafield ind1="0" ind2=" " tag="362"><subfield code="a">Vol. 1, no. 1 (May 9, 1853)-v. 1, no. 183 (Dec. 6, 1853).</subfield></datafield><datafield ind1=" " ind2=" " tag="500"><subfield code="a">Title varies: Racine daily advocate, May 16-Nov. 11, 1853.</subfield></datafield><datafield ind1=" " ind2=" " tag="500"><subfield code="a">Publisher varies.</subfield></datafield><datafield ind1=" " ind2=" " tag="500"><subfield code="a">Editors: C. Clement, May 9-Nov. 16, 1853; C. Clement &amp; A. Matteson, Nov. 17-Dec. 6, 1853.</subfield></datafield><datafield ind1=" " ind2=" " tag="530"><subfield code="a">Available on microfilm from The State Historical Society of Wisconsin.</subfield></datafield><datafield ind1=" " ind2=" " tag="580"><subfield code="a">Issued also in a weekly edition: Racine advocate, May 9-Nov. 22, 1853; Weekly Racine advocate, Nov. 23-Dec. 6, 1853.</subfield></datafield><datafield ind1=" " ind2=" " tag="752"><subfield code="a">United States</subfield><subfield code="b">Wisconsin</subfield><subfield code="c">Racine</subfield><subfield code="d">Racine.</subfield></datafield><datafield ind1="1" ind2=" " tag="775"><subfield code="t">Racine advocate (Racine, Wis. : 1842)</subfield><subfield code="w">(DLC)sn 85041351</subfield></datafield><datafield ind1="1" ind2=" " tag="775"><subfield code="t">Weekly Racine advocate (Racine, Wis. : 1853)</subfield><subfield code="w">(DLC)sn 85041352</subfield></datafield><datafield ind1="0" ind2="0" tag="785"><subfield code="t">Daily morning advocate</subfield><subfield code="w">(DLC)sn 85041350</subfield></datafield><datafield ind1="1" ind2=" " tag="029"><subfield code="a">AU@</subfield><subfield code="b">000025813245</subfield></datafield></record>